@techreport{viklund2022studies,
  title={Studies on the Fundamental Mechanisms of Niobium Electropolishing},
  author={Viklund, Eric and Grassellino, Laura and Posen, Sam and Ring, Tim and Seidman, David},
  year={2022},
  institution={Fermi National Accelerator Lab.(FNAL), Batavia, IL (United States)}
}

@article{viklund2023improving,
  title={Improving Nb3Sn Cavity Performance Using Centrifugal Barrel Polishing},
  author={Viklund, Eric and Seidman, David N and Burk, David and Posen, Sam},
  journal={arXiv preprint arXiv:2305.10226},
  year={2023}
}

@article{viklund2023three,
  title={Three-Dimensional Reconstruction of Nb 3 Sn Films by Focused Ion Beam Cross Sectional Microscopy},
  author={Viklund, E and Lee, J and Seidman, DN and Posen, S},
  journal={IEEE Transactions on Applied Superconductivity},
  volume={33},
  number={5},
  pages={1--4},
  year={2023},
  publisher={IEEE}
}